@booklet{Komp3150,
  title        = {{Computational Physics, Lecture Notes Fall 2015}},
  author       = {M. Hjort-Jensen}, 
  address      = {Department of Physics, University of Oslo},
  year         = {2015}
}

@booklet{Komp4130,
  title        = {{Statistical Physics – a second course}},
  author       = {F. Ravndal and E. G. Flekkøy}, 
  address      = {Department of Physics, University of Oslo},
  year         = {2014}
}

@book{Boas,
       author = {M. L. Boas},
       year = {2006},
       title = {{Mathematical Methods in the Physical Sciences}},
       publisher = {Kaye Pace}
     }